% scibib.bib

% This is the .bib file used to compile the document "A simple Science
% template" (scifile.tex).  It is not intended as an example of how to
% set up your BibTeX file.

% Citations
@comment{jabref-meta: databaseType:bibtex;}


@article{NatRev,
  author = {Watson N, Brandel JP, Green A, et al.},
  journal = {Nature Reviews Nuerology},
  month = {May},
  title = {The importance of ongoing international surveillance for Creutzfeldt-Jakob disease.},
  doi = {10.1038/s41582-021-00488-7},
  year = {2021}
}

@article{PLoSOne,
  author = {Holman RC, Belay ED, Christensen KY, et al.},
  journal = {PLoS One},
  month = {Jan},
  title = {Human prion diseases in the United States.},
  doi = {10.1371/journal.pone.0008521},
  year = {2010}
}

@article{JNuerol,
  author = {Stoeck K, Hess K, Amsler L, et al.},
  journal = {Journal of Nuerology},
  month = {Oct},
  title = {Heightened incidence of sporadic Creutzfeldt-Jakob disease is associated with a shift in clinicopathological profiles.},
  doi = {10.1007/s00415-008-0900-0},
  year = {2008}
}

@article{SciRep,
  author = {Nishimura Y, Harada K, Koyama T, et al.},
  journal = {Nature Scientific Reports},
  month = {Sep},
  title = {A nationwide trend analysis in the incidence and mortality of Creutzfeldt-Jakob disease in Japan between 2005 and 2014.},
  doi = {10.1038/s41598-02072519-0},
  year = {2020}
}

@misc{CDCWonder,
  author = {Centers for Disease Control and Prevention},
  title = {Underlying cause of death $1999âˆ’2018$ on CDC WONDER online.},
  year = {2022},
  note = {data retrieved from the Centers for Disease Control and Prevention: 
  \url{http://wonder.cdc.gov/ucd-icd10.html}. Updated March 4, 2020. Accessed December 23, 2022.}
}

@article{NeuroEpi,
  author = {Davanipour Z, Smoak C, Bohr T, et al.},
  journal = {Neuroepidemiology},
  title = {Death certificates: an efficient source for ascertainment of Creutzfeldt-Jakob disease cases.},
  doi = {10.1159/000109771},
  year = {1995}
}

@article{StatMed,
  author = {Kim HJ, Fay MP, Feuer EJ, et al.},
  journal = {Statistics in Medicine},
  month = {April},
  title = {Permutation tests for joinpoint regression with applications to cancer rates.},
  doi = {10.1002/(sici)10970258(20000215)19:3<335::aid-sim336>3.0.co;2-z},
  year = {2000}
}

@misc{Joinpoint,
  author = {Statistical Methodology and Applications Branch, Surveillance Research Program, National Cancer Institute.},
  title = {Joinpoint Regression Program, Version 4.9.1.0.},
  year = {2022},
  note = {software retrieved from the National Institutes for Health: \url{https://surveillance.cancer.gov/help/joinpoint}. Updated April, 2022. Accessed April 16, 2023.}
}